@inproceedings{broder1997resemblance,
  title={On the resemblance and containment of documents},
  author={Broder, Andrei Z},
  booktitle={Compression and Complexity of Sequences 1997. Proceedings},
  pages={21--29},
  year={1997},
  organization={IEEE}
}
@article{campbell2014maker,
  title={MAKER-P: A tool kit for the rapid creation, management, and quality control of plant genome annotations},
  author={Campbell, Michael S and Law, MeiYee and Holt, Carson and Stein, Joshua C and Moghe, Gaurav D and Hufnagel, David E and Lei, Jikai and Achawanantakun, Rujira and Jiao, Dian and Lawrence, Carolyn J and others},
  journal={Plant physiology},
  volume={164},
  number={2},
  pages={513--524},
  year={2014},
  publisher={Am Soc Plant Biol}
}
@article{cunningham2015ensembl,
  title={Ensembl 2015},
  author={Cunningham, Fiona and Amode, M Ridwan and Barrell, Daniel and Beal, Kathryn and Billis, Konstantinos and Brent, Simon and Carvalho-Silva, Denise and Clapham, Peter and Coates, Guy and Fitzgerald, Stephen and others},
  journal={Nucleic acids research},
  volume={43},
  number={D1},
  pages={D662--D669},
  year={2015},
  publisher={Oxford Univ Press}
}
@article{dang2012shs,
  title={Secure Hash Standard (SHS)},
  author={Dang, Q H},
  journal={NIST FIPS},
  volume={180},
  number={4},
  pages={1-35},
  year={2012},
  organization={National Institute of Standards and Technology},
}
@article{wain2002guidelines,
  title={Guidelines for human gene nomenclature},
  author={Wain, Hester M and Bruford, Elspeth A and Lovering, Ruth C and Lush, Michael J and Wright, Mathew W and Povey, Sue},
  journal={Genomics},
  volume={79},
  number={4},
  pages={464--470},
  year={2002},
  publisher={Academic Press}
}
